
@article{degraef2014a,
	Author = {Humphrey, E. and Phatak, C. and Petford-Long, A.K. and De Graef, M.},
	Journal = {Ultramicroscopy},
	Pages = {5-12},
	Title = {Separation of electrostatic and magnetic phase shifts using a modified transport-of-intensity equation},
	Volume = {139},
	Year = {2014}}

